<?xml version="1.0" encoding="utf-8"?>
<record xmlns="http://www.loc.gov/MARC21/slim" xmlns:xsi="http://www.w3.org/2001/XMLSchema-instance" xsi:schemaLocation="http://www.loc.gov/MARC21/slim http://www.loc.gov/standards/marcxml/schema/MARC21slim.xsd">
	<leader>     nam a22        4500</leader>
	<controlfield tag="001">b12334455</controlfield>
	<controlfield tag="003">LeBAU</controlfield>
	<controlfield tag="006">m        d        </controlfield>
	<controlfield tag="007">cr cn |||m|||a</controlfield>
	<controlfield tag="008">170508s1948    ua      ob    ||0 0 ara d</controlfield>
	<datafield ind1=" " ind2=" " tag="040">
		<subfield code="a">NNU</subfield>
		<subfield code="b">ara</subfield>
		<subfield code="e">rda</subfield>
		<subfield code="c">NNU</subfield>
	</datafield>
	<datafield ind1=" " ind2="4" tag="050">
		<subfield code="a">BP135</subfield>
		<subfield code="b">.A13 1948</subfield>
	</datafield>
	<datafield ind1="0" ind2="4" tag="082">
		<subfield code="a">297.08</subfield>
		<subfield code="2">20</subfield>
	</datafield>
	<datafield ind1="0" ind2=" " tag="100">
		<subfield code="6">880-01</subfield>
		<subfield code="a">Abū Dāʼūd Sulaymān ibn al-Ashʻath al-Sijistānī,</subfield>
		<subfield code="d">817 or 818-889,</subfield>
		<subfield code="e">author.</subfield>
	</datafield>
	<datafield ind1="1" ind2="0" tag="245">
		<subfield code="6">880-02</subfield>
		<subfield code="a">Mukhtaṣar sunan Abī Dāwūd /</subfield>
		<subfield code="c">lil-Ḥāfiẓ al-Mundhirī. wa-Ma‘ālim al-Sunan / li-Abī Sulaymān al-Khaṭṭābī. wa-Tahdhīb al-Imām ibn Qayyim al-Jawzīyah / taḥqīq Aḥmad Muḥammad Shākir wa-Muḥammad Ḥāmid al-Fiqī.</subfield>
	</datafield>
	<datafield ind1=" " ind2="1" tag="264">
		<subfield code="6">880-03</subfield>
		<subfield code="a">[Miṣr] :</subfield>
		<subfield code="b">Maṭba‘at Anṣār al-Sunnah al-Muḥammadīyah,</subfield>
		<subfield code="c">1367 H. = 1948 M.</subfield>
	</datafield>
	<datafield ind1=" " ind2=" " tag="300">
		<subfield code="6">880-04</subfield>
		<subfield code="a">online resource (2 volumes)</subfield>
	</datafield>
	<datafield ind1=" " ind2=" " tag="336">
		<subfield code="a">text</subfield>
		<subfield code="2">rdacontent</subfield>
	</datafield>
	<datafield ind1=" " ind2=" " tag="337">
		<subfield code="a">computer</subfield>
		<subfield code="2">rdamedia</subfield>
	</datafield>
	<datafield ind1=" " ind2=" " tag="338">
		<subfield code="a">online resource</subfield>
		<subfield code="2">rdacarrier</subfield>
	</datafield>
	<datafield ind1=" " ind2=" " tag="500">
		<subfield code="a">Part of the Arabic Collections Online (ACO) project, contributed by American University of Beirut's Jafet Memorial Library.</subfield>
	</datafield>
	<datafield ind1=" " ind2=" " tag="533">
		<subfield code="a">Electronic reproduction.</subfield>
		<subfield code="b">New York, N.Y. :</subfield>
		<subfield code="c">New York University,</subfield>
		<subfield code="d">2017.</subfield>
		<subfield code="5">NNU</subfield>
	</datafield>
	<datafield ind1=" " ind2="0" tag="650">
		<subfield code="6">880-05</subfield>
		<subfield code="a">Hadith</subfield>
		<subfield code="v">Early works to 1800.</subfield>
	</datafield>
	<datafield ind1=" " ind2="0" tag="650">
		<subfield code="6">880-06</subfield>
		<subfield code="a">Hadith</subfield>
		<subfield code="v">Texts</subfield>
		<subfield code="v">Early works to 1800.</subfield>
	</datafield>
	<datafield ind1="1" ind2="2" tag="700">
		<subfield code="6">880-07</subfield>
		<subfield code="a">Khaṭṭābī, Ḥamd ibn Muḥammad,</subfield>
		<subfield code="d">931-996.</subfield>
		<subfield code="t">Ma‘ālim al-Sunan.</subfield>
	</datafield>
	<datafield ind1="1" ind2="2" tag="700">
		<subfield code="6">880-08</subfield>
		<subfield code="a">Ibn Qayyim al-Jawzīyah, Muḥammad ibn Abī Bakr,</subfield>
		<subfield code="d">1292-1350.</subfield>
		<subfield code="t">Tahdhīb.</subfield>
	</datafield>
	<datafield ind1="1" ind2=" " tag="700">
		<subfield code="6">880-09</subfield>
		<subfield code="a">Shākir, Aḥmad Muḥammad,</subfield>
		<subfield code="e">annotator.</subfield>
	</datafield>
	<datafield ind1="1" ind2=" " tag="700">
		<subfield code="6">880-10</subfield>
		<subfield code="a">Fiqī, Muḥammad Ḥāmid,</subfield>
		<subfield code="e">annotator.</subfield>
	</datafield>
	<datafield ind1="2" ind2=" " tag="710">
		<subfield code="a">Jafet Memorial Library.</subfield>
	</datafield>
	<datafield ind1="0" ind2=" " tag="730">
		<subfield code="a">Arabic Collections Online.</subfield>
	</datafield>
	<datafield ind1="0" ind2="8" tag="776">
		<subfield code="i">Print version:</subfield>
		<subfield code="a">Abū Dāʼūd Sulaymān ibn al-Ashʻath al-Sijistānī, 817 or 818-889, author.</subfield>
		<subfield code="t">Mukhtaṣar sunan Abī Dāwūd</subfield>
		<subfield code="w">(LeBAU)b12334455</subfield>
	</datafield>
	<datafield ind1="4" ind2="0" tag="856">
		<subfield code="u">http://hdl.handle.net/2333.1/t1g1k2g6</subfield>
	</datafield>
	<datafield ind1="0" ind2=" " tag="880">
		<subfield code="6">100-01/r</subfield>
		<subfield code="a">ابو داود سليمان بن الاشعث السجستاني،</subfield>
		<subfield code="d">817 او 818-889،</subfield>
		<subfield code="e">مؤلف.</subfield>
		<subfield code="4">aut.</subfield>
	</datafield>
	<datafield ind1="1" ind2="0" tag="880">
		<subfield code="6">245-02/r</subfield>
		<subfield code="a">مختصر سنن أبي داود /</subfield>
		<subfield code="c">للحافظ المنذري. ومعالم السنن / لأبي سليمان الخطابي. وتهذيب الإمام إبن قيم الجوزية / تحقيق أحمد محمد شاكر ومحمد حامد الفقي</subfield>
	</datafield>
	<datafield ind1=" " ind2="1" tag="880">
		<subfield code="6">264-03/r</subfield>
		<subfield code="a">[مصر] :</subfield>
		<subfield code="b">مطبعة أنصار السنة المحمدية،</subfield>
		<subfield code="c">1367 هـ. = 1948 م.</subfield>
	</datafield>
	<datafield ind1=" " ind2=" " tag="880">
		<subfield code="6">300-04/r</subfield>
		<subfield code="a">2 جزء ؛</subfield>
		<subfield code="c">25 سم</subfield>
	</datafield>
	<datafield ind1=" " ind2=" " tag="880">
		<subfield code="6">504-00/r</subfield>
		<subfield code="a">يتضمن مراجع ببليوغرافية.</subfield>
	</datafield>
	<datafield ind1=" " ind2="4" tag="880">
		<subfield code="6">650-05/r</subfield>
		<subfield code="a">الحديث</subfield>
		<subfield code="v">اعمال قديمة حتى 1800.</subfield>
	</datafield>
	<datafield ind1=" " ind2="4" tag="880">
		<subfield code="6">650-06/r</subfield>
		<subfield code="a">الحديث</subfield>
		<subfield code="x">نصوص</subfield>
		<subfield code="v">اعمال قديمة حتى 1800.</subfield>
	</datafield>
	<datafield ind1="1" ind2="2" tag="880">
		<subfield code="6">700-07/r</subfield>
		<subfield code="a">الخطابي، حمد بن محمد،</subfield>
		<subfield code="d">931-996.</subfield>
		<subfield code="t">معالم السنن.</subfield>
	</datafield>
	<datafield ind1="1" ind2="2" tag="880">
		<subfield code="6">700-08/r</subfield>
		<subfield code="a">ابن قيم الجوزية، محمد بن ابي بكر،</subfield>
		<subfield code="d">1292-1350.</subfield>
		<subfield code="t">التهذيب.</subfield>
	</datafield>
	<datafield ind1="1" ind2=" " tag="880">
		<subfield code="6">700-09/r</subfield>
		<subfield code="a">شاكر، احمد محمد،</subfield>
		<subfield code="e">محقق.</subfield>
		<subfield code="4">ann.</subfield>
	</datafield>
	<datafield ind1="1" ind2=" " tag="880">
		<subfield code="6">700-10/r</subfield>
		<subfield code="a">الفقي، محمد حامد،</subfield>
		<subfield code="e">محقق.</subfield>
		<subfield code="4">ann.</subfield>
	</datafield>
	<datafield ind1=" " ind2=" " tag="959">
		<subfield code="a">NNU</subfield>
		<subfield code="b">WEB</subfield>
		<subfield code="c">GENI</subfield>
		<subfield code="t">0</subfield>
		<subfield code="m">Electronic access</subfield>
		<subfield code="s">01</subfield>
	</datafield>
	<datafield ind1=" " ind2=" " tag="999">
		<subfield code="i">LeBAU_b12334455</subfield>
		<subfield code="s">aub_aco000825:v.1</subfield>
		<subfield code="s">aub_aco000826:v.2</subfield>
		<subfield code="e">(ERROR-MISC)</subfield>
		<subfield code="s">aub_aco000825:v.1</subfield>
		<subfield code="s">aub_aco000826:v.2</subfield>
	</datafield>
</record>
